<record><leader>00000cas a22000007a 4500</leader><controlfield tag="001">10767048</controlfield><controlfield tag="008">840523d18411845njuwr ne      0    0eng  </controlfield><controlfield tag="009">466</controlfield><datafield ind1=" " ind2=" " tag="010"><subfield code="a">sn 84020416 </subfield></datafield><datafield ind1=" " ind2=" " tag="040"><subfield code="a">DLC</subfield><subfield code="b">eng</subfield><subfield code="c">DLC</subfield><subfield code="d">NPA</subfield><subfield code="d">NJW</subfield><subfield code="d">DLC</subfield><subfield code="d">OCLCQ</subfield></datafield><datafield ind1="1" ind2=" " tag="029"><subfield code="a">AU@</subfield><subfield code="b">000026221780</subfield></datafield><datafield ind1=" " ind2=" " tag="042"><subfield code="a">msc</subfield></datafield><datafield ind1="0" ind2="0" tag="050"><subfield code="a">Newspaper</subfield></datafield><datafield ind1="0" ind2="4" tag="245"><subfield code="a">The Burlington gazette, and New Jersey agricultural register.</subfield></datafield><datafield ind1="3" ind2="0" tag="246"><subfield code="a">Burlington gazette</subfield></datafield><datafield ind1=" " ind2=" " tag="260"><subfield code="a">Burlington, N.J. :</subfield><subfield code="b">J.L. Powell,</subfield><subfield code="c">1841-1845.</subfield></datafield><datafield ind1=" " ind2=" " tag="300"><subfield code="a">v. :</subfield><subfield code="b">ill. (chiefly advertisements) ;</subfield><subfield code="c">68 cm.</subfield></datafield><datafield ind1=" " ind2=" " tag="310"><subfield code="a">Weekly</subfield></datafield><datafield ind1="0" ind2=" " tag="362"><subfield code="a">Vol. 5, no. 1 (Apr. 2, 1841)-v. 8, no. 52 (Mar. 21, 1845).</subfield></datafield><datafield ind1=" " ind2=" " tag="530"><subfield code="a">Also issued on microfilm by Micro-Graphics Corp., Garfield, N.J.</subfield></datafield><datafield ind1=" " ind2=" " tag="752"><subfield code="a">United States</subfield><subfield code="b">New Jersey</subfield><subfield code="c">Burlington</subfield><subfield code="d">Burlington.</subfield></datafield><datafield ind1="0" ind2="0" tag="780"><subfield code="t">Burlington gazette, and New Jersey silk and agricultural register</subfield><subfield code="w">(DLC)sn 84045011</subfield><subfield code="w">(OCoLC)11368481</subfield></datafield><datafield ind1="0" ind2="0" tag="785"><subfield code="t">Burlington gazette (Burlington, N.J. : 1845)</subfield><subfield code="w">(DLC)sn 84045012</subfield><subfield code="w">(OCoLC)11368665</subfield></datafield></record>